<record><leader>00000cas a22000007a 4500</leader><controlfield tag="001">12057522</controlfield><controlfield tag="008">850520d18901927wiuwr ne      0    0eng d</controlfield><datafield ind1=" " ind2=" " tag="010"><subfield code="a">sn 85040614 </subfield></datafield><datafield ind1=" " ind2=" " tag="040"><subfield code="a">NPV</subfield><subfield code="b">eng</subfield><subfield code="c">NPV</subfield><subfield code="d">OCLCQ</subfield></datafield><datafield ind1=" " ind2=" " tag="042"><subfield code="a">msc</subfield></datafield><datafield ind1=" " ind2=" " tag="045"><subfield code="a">w9x2</subfield></datafield><datafield ind1=" " ind2=" " tag="052"><subfield code="a">4123</subfield><subfield code="b">V5</subfield></datafield><datafield ind1="0" ind2="0" tag="245"><subfield code="a">Eagle River review.</subfield></datafield><datafield ind1=" " ind2=" " tag="260"><subfield code="a">Eagle River, Wis. :</subfield><subfield code="b">Dewar &amp; McIntyre,</subfield><subfield code="c">-1927.</subfield></datafield><datafield ind1=" " ind2=" " tag="300"><subfield code="a">v. :</subfield><subfield code="b">ill.</subfield></datafield><datafield ind1=" " ind2=" " tag="310"><subfield code="a">Weekly</subfield></datafield><datafield ind1="0" ind2=" " tag="362"><subfield code="a">-v. 41, no. 4 (June 23, 1927).</subfield></datafield><datafield ind1="1" ind2=" " tag="362"><subfield code="a">Began in June 1890?</subfield></datafield><datafield ind1=" " ind2=" " tag="500"><subfield code="a">Publisher varies.</subfield></datafield><datafield ind1=" " ind2=" " tag="500"><subfield code="a">Editors: O.B. Moon, July 1890-Sept. 1902.--B.E. Walter, Feb. 1903-Jan. 1905.--O.E. Bowen, Jan. 1905-Jan. 1912.--V. Richards, Jan. 1918-Jan. 1927.</subfield></datafield><datafield ind1=" " ind2=" " tag="530"><subfield code="a">Available on microfilm from The State Historical Society of Wisconsin.</subfield></datafield><datafield ind1=" " ind2=" " tag="588"><subfield code="a">Description based on: Vol. 1, no. 3 (June 28th, [1890]).</subfield></datafield><datafield ind1=" " ind2=" " tag="752"><subfield code="a">United States</subfield><subfield code="b">Wisconsin</subfield><subfield code="c">Vilas</subfield><subfield code="d">Eagle River.</subfield></datafield><datafield ind1="0" ind2="7" tag="785"><subfield code="t">Vilas County news</subfield><subfield code="w">(DLC)sn 85040613</subfield></datafield><datafield ind1="0" ind2="7" tag="785"><subfield code="t">Vilas County news-review (Eagle River, Wis. : 1927)</subfield><subfield code="w">(DLC)sn 85040615</subfield></datafield></record>